% Encoding: UTF-8

@Misc{Ley:CERNAccelerators,
  author       = {Rudolf Ley},
  title        = {{CERN Accelerators}},
  howpublished = {\url{http://ps-div.web.cern.ch/ps-div/PSComplex/accelerators.pdf}},
  year         = {2001},
  institution  = {PS-Division, CERN},
  url          = {http://ps-div.web.cern.ch/ps-div/PSComplex/accelerators.pdf},
}

@Misc{Caron:LHCLayout,
  author       = {Jean-Luc Caron},
  title        = {{LHC Layout}},
  howpublished = {\url{https://cds.cern.ch/record/841573}},
  year         = {1997},
  reportnumber = {LHC-PHO-1997-060},
  url          = {https://cds.cern.ch/record/841573},
}

@Misc{DeMelis:CERNacceleratorcomplex,
  author       = {De Melis, Cinzia},
  title        = {{The CERN accelerator complex}},
  howpublished = {\url{https://cds.cern.ch/record/2197559}},
  year         = {2016},
  institution  = {CERN},
  reportnumber = {OPEN-PHO-ACCEL-2016-009},
  url          = {https://cds.cern.ch/record/2197559},
}

@Misc{Davis:CMSSlice,
  author        = {Davis, Siona Ruth},
  title         = {{CMS Slice}},
  howpublished  = {\url{https://cds.cern.ch/record/2204899}},
  year          = {2016},
  collaboration = {CMS},
  reportnumber  = {CMS-OUTREACH-2016-017, CMS-OUTREACH-2016-023},
  url           = {https://cds.cern.ch/record/2204863
https://cds.cern.ch/record/2204899},
}

@Comment{jabref-meta: databaseType:bibtex;}
