% Encoding: UTF-8

@PhdThesis{Pieta:MUSiCModelUnspecific,
  author = {Holger Pieta and Thomas Hebbeker},
  title  = {{MUSiC - A Model Unspecific Search in CMS based on 2010 LHC data}},
  school = {III. Physikalisches Institut A, RWTH Aachen University},
  year   = {2012},
  url    = {https://web.physik.rwth-aachen.de/~hebbeker/theses/pieta_phd.pdf},
}

@PhdThesis{Papacz:ModelUnspecificSearch,
  author = {Paul Papacz and Thomas Hebbeker},
  title  = {{Model Unspecific Search for new Physics in CMS Based on 2011 Data}},
  school = {III. Physikalisches Institut A, RWTH Aachen University},
  year   = {2014},
  month  = {05},
  url    = {https://web.physik.rwth-aachen.de/~hebbeker/theses/papacz_phd.pdf},
}

@MastersThesis{Olschewski:StudyAlternativeStatistical,
  author = {Mark Olschewski and Thomas Hebbeker},
  title  = {{Study of Alternative Statistical Methods for a Model Unspecific Search in CMS}},
  school = {III. Physikalisches Institut A, RWTH Aachen University},
  year   = {2011},
  type   = {{Diploma Thesis}},
  month  = {07},
  url    = {https://web.physik.rwth-aachen.de/~hebbeker/theses/olschewski_diploma.pdf},
}

@MastersThesis{Albert:ExtensionModelUnspecific,
  author = {Andreas A. E. Albert and Thomas Hebbeker},
  title  = {{Extension of the Model Unspecific Search in CMS to Final States with Jets using 2012 Data}},
  school = {III. Physikalisches Institut A, RWTH Aachen University},
  year   = {2015},
  month  = {11},
  url    = {https://web.physik.rwth-aachen.de/~hebbeker/theses/albert_master.pdf},
}

@MastersThesis{Schmitz:ModelUnspecificSearch,
  author = {Stefan Antonius Schmitz and Thomas Hebbeker},
  title  = {{Model Unspecific Search for New Physics with High pT Photons in CMS}},
  school = {III. Physikalisches Institut A, RWTH Aachen University},
  year   = {2009},
  type   = {{Diploma Thesis}},
  month  = {10},
  url    = {https://web.physik.rwth-aachen.de/~hebbeker/theses/schmitz_diploma.pdf},
}

@MastersThesis{Dietz-Laursonn:ModelUnspecificSearch,
  author = {Erik Dietz-Laursonn and Thomas Hebbeker},
  title  = {{Model Unspecific Search for New Physics with b-Hadrons in CMS}},
  school = {III. Physikalisches Institut A, RWTH Aachen University},
  year   = {2010},
  type   = {{Diploma Thesis}},
  month  = {10},
  url    = {https://web.physik.rwth-aachen.de/~hebbeker/theses/dietz-laursonn_diploma.pdf},
}

@MastersThesis{Brodski:ModelUnspecificSearch,
  author = {Michael Brodski and Thomas Hebbeker},
  title  = {{Model Unspecific Search in CMS with tau Leptons}},
  school = {III. Physikalisches Institut A, RWTH Aachen University},
  year   = {2012},
  month  = {09},
  url    = {https://web.physik.rwth-aachen.de/~hebbeker/theses/brodski_master.pdf},
}

@MastersThesis{Biallass:ModelIndependentSearch,
  author = {Philipp Biallass and Thomas Hebbeker},
  title  = {{Model Independent Search for Deviations from the Standard Model at the Tevatron}},
  school = {III. Physikalisches Institut A, RWTH Aachen University},
  year   = {2004},
  type   = {{Diploma Thesis}},
  month  = {12},
  url    = {https://web.physik.rwth-aachen.de/~hebbeker/theses/biallass_diploma.pdf},
}

@PhdThesis{Hof:ImplementationModelIndependent,
  author = {Carsten Hof and Thomas Hebbeker},
  title  = {{Implementation of a Model-Independent Search for New Physics with the CMS Detector exploiting the World-Wide LHC Computing Grid}},
  school = {III. Physikalisches Institut A, RWTH Aachen University},
  year   = {2009},
  month  = {10},
  url    = {https://web.physik.rwth-aachen.de/~hebbeker/theses/hof_phd.pdf},
}

@Unpublished{Hebbeker:GlobalComparisonL3,
  author      = {Thomas Hebbeker},
  title       = {{A Global Comparison between L3 Data and Standard Model Monte Carlo - a first attempt}},
  institution = {Humboldt University Berlin},
  month       = {07},
  year        = {1998},
  note        = {L3 note 2305},
  url         = {https://web.physik.rwth-aachen.de/~hebbeker/l3note_2305.pdf},
}

@Comment{jabref-meta: databaseType:bibtex;}
