% Encoding: UTF-8

@Misc{TWiki:JetID,
  author       = {{CMS Collaboration}},
  title        = {{CMS TWiki: Jet Identification}},
  howpublished = {\url{https://twiki.cern.ch/twiki/bin/view/CMS/JetID?rev=98#Recommendations_for_13_TeV_2015}},
  month        = {12},
  year         = {2016},
  url          = {https://twiki.cern.ch/twiki/bin/view/CMS/JetID?rev=98#Recommendations_for_13_TeV_2015},
}

@Misc{TWiki:JetResolution,
  author       = {{CMS Collaboration}},
  title        = {{CMS TWiki: Jet Resolution}},
  howpublished = {\url{https://twiki.cern.ch/twiki/bin/view/CMS/JetResolution?rev=57#Smearing_procedures}},
  month        = {05},
  year         = {2017},
  url          = {https://twiki.cern.ch/twiki/bin/view/CMS/JetResolution?rev=57#Smearing_procedures},
}

@Misc{TWiki:MuonIdentification,
  author       = {{CMS Collaboration}},
  title        = {{CMS TWiki: Muon Identification}},
  howpublished = {\url{https://twiki.cern.ch/twiki/bin/view/CMS/SWGuideMuonIdRun2?rev=28#HighPt_Muon}},
  month        = {01},
  year         = {2017},
  url          = {https://twiki.cern.ch/twiki/bin/view/CMS/SWGuideMuonIdRun2?rev=28#HighPt_Muon},
}

@Misc{TWiki:HEEP,
  author       = {{CMS Collaboration}},
  title        = {{CMS TWiki: HEEP Electron ID and isolation}},
  howpublished = {\url{https://twiki.cern.ch/twiki/bin/view/CMS/HEEPElectronID?rev=68}},
  month        = {06},
  year         = {2015},
  url          = {https://twiki.cern.ch/twiki/bin/view/CMS/HEEPElectronID?rev=68},
}

@Misc{TWiki:PhotonID,
  author       = {{CMS Collaboration}},
  title        = {{CMS TWiki: Cut Based Photon ID for Run 2}},
  howpublished = {\url{https://twiki.cern.ch/twiki/bin/view/CMS/CutBasedPhotonIdentificationRun2?rev=35#SPRING15_selections_25_ns}},
  month        = {12},
  year         = {2016},
  url          = {https://twiki.cern.ch/twiki/bin/view/CMS/CutBasedPhotonIdentificationRun2?rev=35#SPRING15_selections_25_ns},
}

@Comment{jabref-meta: databaseType:bibtex;}
